@article{waudby-smith_variance-adaptive_2020,
	title = {Variance-adaptive confidence sequences by betting},
	url = {http://arxiv.org/abs/2010.09686},
	urldate = {2020-11-05},
	journal = {arXiv:2010.09686 [math, stat]},
	author = {Waudby-Smith, Ian and Ramdas, Aaditya},
	month = oct,
	year = {2020},
	note = {arXiv: 2010.09686},
	keywords = {Mathematics - Statistics Theory, Statistics - Machine Learning, Statistics - Methodology}
}

@article{fan2015exponential,
  title={Exponential inequalities for martingales with applications},
  author={Fan, Xiequan and Grama, Ion and Liu, Quansheng},
  journal={Electronic Journal of Probability},
  volume={20},
  year={2015},
  publisher={The Institute of Mathematical Statistics and the Bernoulli Society}
}

@article{de2014follow,
  title={Follow the leader if you can, hedge if you must},
  author={De Rooij, Steven and Van Erven, Tim and Gr{\"u}nwald, Peter D and Koolen, Wouter M},
  journal={The Journal of Machine Learning Research},
  volume={15},
  number={1},
  pages={1281--1316},
  year={2014},
  publisher={JMLR. org}
}